<record><leader>00000cas a2200000 a 4500</leader><controlfield tag="001">26832776</controlfield><controlfield tag="008">921022d189u19uuiluwr ne      0    0eng c</controlfield><datafield ind1=" " ind2=" " tag="010"><subfield code="a">sn 92053930 </subfield></datafield><datafield ind1=" " ind2=" " tag="040"><subfield code="a">NVF</subfield><subfield code="b">eng</subfield><subfield code="c">NVF</subfield><subfield code="d">OCLCQ</subfield><subfield code="d">NVF</subfield><subfield code="d">OCLCQ</subfield><subfield code="d">OCLCF</subfield><subfield code="d">OCLCO</subfield></datafield><datafield ind1="1" ind2=" " tag="029"><subfield code="a">AU@</subfield><subfield code="b">000020731275</subfield></datafield><datafield ind1=" " ind2=" " tag="042"><subfield code="a">pcc</subfield></datafield><datafield ind1=" " ind2=" " tag="043"><subfield code="a">n-us-il</subfield></datafield><datafield ind1="0" ind2=" " tag="130"><subfield code="a">Weekly union (Rock Island, Ill. : 1896)</subfield></datafield><datafield ind1="1" ind2="0" tag="245"><subfield code="a">Weekly union.</subfield></datafield><datafield ind1=" " ind2=" " tag="260"><subfield code="a">Rock Island, Ill. :</subfield><subfield code="b">Walter Johnson</subfield></datafield><datafield ind1=" " ind2=" " tag="300"><subfield code="a">v.</subfield></datafield><datafield ind1=" " ind2=" " tag="310"><subfield code="a">Weekly</subfield></datafield><datafield ind1=" " ind2=" " tag="580"><subfield code="a">Daily eds.: Daily union (Rock Island, Ill.), &lt;1896&gt;-1898, and: Rock Island union (Rock Island, Ill. : Daily), 1899-1908, and: Rock Island daily union (Rock Island, Ill. : 1908), 1908-&lt;1910&gt;</subfield></datafield><datafield ind1=" " ind2=" " tag="588"><subfield code="a">Description based on: Vol. 34, no. 1 (Jan. 4, 1896).</subfield></datafield><datafield ind1=" " ind2=" " tag="588"><subfield code="a">Latest issue consulted: Dec. 31, 1910.</subfield></datafield><datafield ind1=" " ind2="0" tag="651"><subfield code="a">Rock Island (Ill.)</subfield><subfield code="v">Newspapers.</subfield></datafield><datafield ind1=" " ind2="7" tag="655"><subfield code="a">Newspapers.</subfield><subfield code="2">fast</subfield><subfield code="0">(OCoLC)fst01423814</subfield></datafield><datafield ind1=" " ind2="7" tag="651"><subfield code="a">Illinois</subfield><subfield code="z">Rock Island.</subfield><subfield code="2">fast</subfield><subfield code="0">(OCoLC)fst01206059</subfield></datafield><datafield ind1=" " ind2=" " tag="752"><subfield code="a">United States</subfield><subfield code="b">Illinois</subfield><subfield code="c">Rock Island</subfield><subfield code="d">Rock Island.</subfield></datafield><datafield ind1="1" ind2=" " tag="775"><subfield code="t">Daily union (Rock Island, Ill.)</subfield><subfield code="w">(DLC)sn 85034300</subfield><subfield code="w">(OCoLC)12631233</subfield></datafield><datafield ind1="1" ind2=" " tag="775"><subfield code="t">Rock Island union (Rock Island, Ill. : Daily)</subfield><subfield code="w">(DLC)sn 92053931</subfield><subfield code="w">(OCoLC)26835834</subfield></datafield><datafield ind1="1" ind2=" " tag="775"><subfield code="t">Rock Island daily union (Rock Island, Ill. : 1908)</subfield><subfield code="w">(DLC)sn 92053932</subfield><subfield code="w">(OCoLC)26835933</subfield></datafield><datafield ind1="0" ind2="0" tag="780"><subfield code="t">Rock Island union (Rock Island, Ill. : Weekly)</subfield><subfield code="w">(DLC)sn 87082135</subfield><subfield code="w">(OCoLC)15295930</subfield></datafield></record>